@inproceedings{griffin2001experimental,                                         
  title={An experimental analysis of BGP convergence time},                     
  author={Griffin, Timothy G and Premore, Brian J},                             
  booktitle={Proceedings Ninth International Conference on Network Protocols. ICNP 2001},
  pages={53--61},                                                               
  year={2001},                                                                  
  organization={IEEE}                                                           
}   

@article{matloff2008introduction,
  title={Introduction to discrete-event simulation and the simpy language},
  author={Matloff, Norm},
  journal={Davis, CA. Dept of Computer Science. University of California at Davis. Retrieved on August},
  volume={2},
  number={2009},
  pages={1--33},
  year={2008}
}

@inproceedings{dagkakis2013manpy,
  title={ManPy: An open-source layer of DES manufacturing objects implemented in SimPy},
  author={Dagkakis, Georgios and Heavey, Cathal and Robin, Sebastien and Perrin, Jerome},
  booktitle={2013 8th EUROSIM Congress on Modelling and Simulation},
  pages={357--363},
  year={2013},
  organization={IEEE}
}

@inproceedings{daggitt2018rate,
  title={Rate of convergence of increasing path-vector routing protocols},
  author={Daggitt, Matthew L and Griffin, Timothy G},
  booktitle={2018 IEEE 26th International Conference on Network Protocols (ICNP)},
  pages={335--345},
  year={2018},
  organization={IEEE}
}